<?xml version="1.0" encoding="UTF-8"?>
<collection xmlns:xsi="http://www.w3.org/2001/XMLSchema-instance" xsi:schemaLocation="http://www.loc.gov/MARC21/slim http://www.loc.gov/standards/marcxml/schema/MARC21slim.xsd" xmlns="http://www.loc.gov/MARC21/slim">
<record>
  <leader>01321cam a2200289   4500</leader>
  <controlfield tag="001">2958187</controlfield>
  <controlfield tag="003">NNC</controlfield>
  <controlfield tag="005">20030429141026.0</controlfield>
  <controlfield tag="008">821102s1968    iq            000 0 ara  </controlfield>
  <datafield tag="010" ind1=" " ind2=" ">
    <subfield code="a">   70251798 </subfield>
  </datafield>
  <datafield tag="035" ind1=" " ind2=" ">
    <subfield code="a">(OCoLC)ocm08914946</subfield>
  </datafield>
  <datafield tag="035" ind1=" " ind2=" ">
    <subfield code="9">ASK3292CU</subfield>
  </datafield>
  <datafield tag="040" ind1=" " ind2=" ">
    <subfield code="a">DLC</subfield>
    <subfield code="c">TKN</subfield>
    <subfield code="d">TKN</subfield>
    <subfield code="d">OCL</subfield>
    <subfield code="d">ZCU</subfield>
  </datafield>
  <datafield tag="050" ind1="0" ind2=" ">
    <subfield code="a">BP174</subfield>
    <subfield code="b">.I19</subfield>
  </datafield>
  <datafield tag="100" ind1="1" ind2=" ">
    <subfield code="a">Ibn Daqīq al-ʻĪd, Muḥammad ibn ʻAlī,</subfield>
    <subfield code="d">1228-1302.</subfield>
  </datafield>
  <datafield tag="245" ind1="1" ind2="3">
    <subfield code="a">al-Muntaqā min Iḥkām al-aḥkām, sharḥ ʻumdat al-aḥkām.</subfield>
    <subfield code="c">li-Ibn Daqīq al-ʻĪd.</subfield>
  </datafield>
  <datafield tag="250" ind1=" " ind2=" ">
    <subfield code="a">al-Ṭabʻah 1.</subfield>
  </datafield>
  <datafield tag="260" ind1=" " ind2=" ">
    <subfield code="a">Baghdād,</subfield>
    <subfield code="b">Dār al-Nadhīr lil-Ṭibāʻah wa-al-Nashr,</subfield>
    <subfield code="c">1968.</subfield>
  </datafield>
  <datafield tag="300" ind1=" " ind2=" ">
    <subfield code="a">250 p.</subfield>
    <subfield code="c">25 cm.</subfield>
  </datafield>
  <datafield tag="490" ind1="1" ind2=" ">
    <subfield code="a">Maṭbūʻāt Kullīyat al-dirāsāt al-Islāmīyah.</subfield>
  </datafield>
  <datafield tag="500" ind1=" " ind2=" ">
    <subfield code="a">An abridgment of Imād al-Dīn ibn al-Athīr's Aḥkām al-Aḥkām, itsel a commentary on al-Jammāʻīlī's ʻumdat al-Aḥkām ʻan Sayyid al-anām.</subfield>
  </datafield>
  <datafield tag="650" ind1=" " ind2="0">
    <subfield code="a">Islam</subfield>
    <subfield code="x">Customs and practices.</subfield>
  </datafield>
  <datafield tag="650" ind1=" " ind2="0">
    <subfield code="a">Hadith</subfield>
    <subfield code="x">Criticism, interpretation, etc.</subfield>
  </datafield>
  <datafield tag="700" ind1="1" ind2=" ">
    <subfield code="a">Ibn al-Athīr, Ismāʻīl ibn Aḥmad,</subfield>
    <subfield code="d">1254-1299.</subfield>
    <subfield code="t">Iḥkām al-Aḥkām.</subfield>
  </datafield>
  <datafield tag="700" ind1="1" ind2=" ">
    <subfield code="a">Jammāʻīlī, ʻAbd al-Ghanī ibn ʻAbd al-Wāḥid,</subfield>
    <subfield code="d">1146-1203.</subfield>
    <subfield code="t">ʻUmdat al-aḥkām.</subfield>
  </datafield>
  <datafield tag="810" ind1="2" ind2=" ">
    <subfield code="a">Kullīyat al-Dirāsāt al-Islāmīyah (Baghdad, Iraq).</subfield>
    <subfield code="t">Maṭbūʻāt.</subfield>
  </datafield>
  <datafield tag="955" ind1=" " ind2=" ">
    <subfield code="b">CU55321658</subfield>
    <subfield code="d">off,glx</subfield>
    <subfield code="e">BP174 .I19</subfield>
  </datafield>
</record>
</collection>